@inproceedings{yan2019consensus,
  title={Consensus-Based Distributed Economic Dispatch with Optimized Transition Matrix},
  author={Yan, Xinfei and Zhong, Haiwang and Wang, Jianxiao and Tan, Zhenfei},
  booktitle={2019 IEEE Power \& Energy Society General Meeting (PESGM)},
  pages={1--5},
  year={2019},
  organization={IEEE}
}

@inproceedings{le2016zooids,
  title={Zooids: Building blocks for swarm user interfaces},
  author={Le Goc, Mathieu and Kim, Lawrence H and Parsaei, Ali and Fekete, Jean-Daniel and Dragicevic, Pierre and Follmer, Sean},
  booktitle={Proceedings of the 29th Annual Symposium on User Interface Software and Technology},
  pages={97--109},
  year={2016}
}

@inproceedings{ozgur2017cellulo,
  title={Cellulo: Versatile handheld robots for education},
  author={{\"O}zg{\"u}r, Ayberk and Lemaignan, S{\'e}verin and Johal, Wafa and Beltran, Maria and Briod, Manon and Pereyre, L{\'e}a and Mondada, Francesco and Dillenbourg, Pierre},
  booktitle={2017 12th ACM/IEEE International Conference on Human-Robot Interaction (HRI},
  pages={119--127},
  year={2017},
  organization={IEEE}
}